[gd_scene load_steps=14 format=3 uid="uid://cyin8mhygatwm"]

[ext_resource type="Texture2D" uid="uid://c6vqhaiu5e7dh" path="res://assets/sprites/custom/square.jpg" id="1_7drrk"]
[ext_resource type="Script" path="res://scenes/lv_01_tutorial.gd" id="1_jv8i0"]
[ext_resource type="PackedScene" uid="uid://bfy8fi0sxtvjo" path="res://props/spike/spike_group.tscn" id="3_guc23"]
[ext_resource type="PackedScene" uid="uid://cbmth0ookgpuj" path="res://props/start/start.tscn" id="3_jvb3x"]
[ext_resource type="Theme" uid="uid://b7782vee75iiq" path="res://theme_game.tres" id="4_b5nep"]
[ext_resource type="AudioStream" uid="uid://80fu5yaq4scp" path="res://assets/audio/lv_01_tutorial_01.ogg" id="4_yukfp"]
[ext_resource type="PackedScene" uid="uid://cq5fij86uwdpm" path="res://props/starting_zone/starting_zone.tscn" id="5_ckqlp"]
[ext_resource type="Texture2D" uid="uid://cdqs5scw1vkee" path="res://assets/sprites/Input Prompts Pixel 16/Tiles/tile_0077.png" id="5_sk15r"]
[ext_resource type="PackedScene" uid="uid://dx0yeeavb35fy" path="res://props/spike/spike.tscn" id="7_gkrkc"]
[ext_resource type="PackedScene" uid="uid://c7nrudwcytsmu" path="res://props/platform/platform.tscn" id="8_ump6p"]
[ext_resource type="PackedScene" uid="uid://c8cil1wb015fi" path="res://props/game_over_zone/game_over_zone.tscn" id="9_4is00"]
[ext_resource type="PackedScene" uid="uid://smxj3h6nkfdv" path="res://props/ending_zone/ending_zone.tscn" id="12_uewl1"]

[sub_resource type="RectangleShape2D" id="RectangleShape2D_uwhp2"]
size = Vector2(128.105, 128)

[node name="lv_01_tutorial" type="Node"]
script = ExtResource("1_jv8i0")

[node name="Level" type="Node2D" parent="."]
position = Vector2(1984, 432)

[node name="bg" type="Sprite2D" parent="Level"]
self_modulate = Color(0.101961, 0.101961, 0.101961, 1)
texture_repeat = 2
scale = Vector2(5000, 100)
texture = ExtResource("1_7drrk")

[node name="platforms" type="Node2D" parent="Level"]

[node name="Floor" type="Sprite2D" parent="Level/platforms"]
self_modulate = Color(0.356863, 0.356863, 0.356863, 1)
z_index = 1
position = Vector2(-597, 10)
scale = Vector2(47.953, 1.08)
texture = ExtResource("1_7drrk")

[node name="StaticBody2D" type="StaticBody2D" parent="Level/platforms/Floor"]

[node name="CollisionShape2D" type="CollisionShape2D" parent="Level/platforms/Floor/StaticBody2D"]
position = Vector2(-0.0491676, 0)
shape = SubResource("RectangleShape2D_uwhp2")

[node name="Floor2" type="Sprite2D" parent="Level/platforms"]
self_modulate = Color(0.356863, 0.356863, 0.356863, 1)
z_index = 1
position = Vector2(3429, 10)
scale = Vector2(2.953, 1.08)
texture = ExtResource("1_7drrk")

[node name="StaticBody2D" type="StaticBody2D" parent="Level/platforms/Floor2"]

[node name="CollisionShape2D" type="CollisionShape2D" parent="Level/platforms/Floor2/StaticBody2D"]
position = Vector2(-0.0520477, 0)
scale = Vector2(1, 1)
shape = SubResource("RectangleShape2D_uwhp2")

[node name="Floor3" type="Sprite2D" parent="Level/platforms"]
self_modulate = Color(0.356863, 0.356863, 0.356863, 1)
z_index = 1
position = Vector2(5753, 10)
scale = Vector2(21.393, 1.08)
texture = ExtResource("1_7drrk")

[node name="StaticBody2D" type="StaticBody2D" parent="Level/platforms/Floor3"]

[node name="CollisionShape2D" type="CollisionShape2D" parent="Level/platforms/Floor3/StaticBody2D"]
position = Vector2(-0.0491676, 0)
shape = SubResource("RectangleShape2D_uwhp2")

[node name="Floor4" type="Sprite2D" parent="Level/platforms"]
self_modulate = Color(0.356863, 0.356863, 0.356863, 1)
z_index = 1
position = Vector2(8074, 10)
scale = Vector2(2.953, 1.08)
texture = ExtResource("1_7drrk")

[node name="StaticBody2D" type="StaticBody2D" parent="Level/platforms/Floor4"]

[node name="CollisionShape2D" type="CollisionShape2D" parent="Level/platforms/Floor4/StaticBody2D"]
position = Vector2(-0.0520477, 0)
scale = Vector2(1, 1)
shape = SubResource("RectangleShape2D_uwhp2")

[node name="Floor5" type="Sprite2D" parent="Level/platforms"]
self_modulate = Color(0.356863, 0.356863, 0.356863, 1)
z_index = 1
position = Vector2(9218, 10)
scale = Vector2(2.953, 1.08)
texture = ExtResource("1_7drrk")

[node name="StaticBody2D" type="StaticBody2D" parent="Level/platforms/Floor5"]

[node name="CollisionShape2D" type="CollisionShape2D" parent="Level/platforms/Floor5/StaticBody2D"]
position = Vector2(-0.0520477, 0)
scale = Vector2(1, 1)
shape = SubResource("RectangleShape2D_uwhp2")

[node name="Tutorial" type="Node2D" parent="Level/platforms"]

[node name="Welcome" type="Node2D" parent="Level/platforms/Tutorial"]
position = Vector2(1784, -56)

[node name="Control" type="Control" parent="Level/platforms/Tutorial/Welcome"]
layout_mode = 3
anchors_preset = 0
offset_right = 40.0
offset_bottom = 40.0
theme = ExtResource("4_b5nep")

[node name="Label" type="Label" parent="Level/platforms/Tutorial/Welcome/Control"]
layout_mode = 0
offset_left = -3304.0
offset_top = -348.0
offset_right = -2701.0
offset_bottom = -257.0
text = "Welcome to Duality"

[node name="Start" parent="Level/platforms/Tutorial" instance=ExtResource("3_jvb3x")]
z_index = 2
position = Vector2(-87, -53)

[node name="2nd Press" type="Node2D" parent="Level/platforms/Tutorial"]
position = Vector2(1056, -56)

[node name="Control" type="Control" parent="Level/platforms/Tutorial/2nd Press"]
layout_mode = 3
anchors_preset = 0
offset_right = 40.0
offset_bottom = 40.0
theme = ExtResource("4_b5nep")

[node name="Label" type="Label" parent="Level/platforms/Tutorial/2nd Press/Control"]
layout_mode = 0
offset_left = -159.0
offset_top = -348.0
offset_right = 160.0
offset_bottom = -257.0
text = "Press LMB"

[node name="TextureRect" type="TextureRect" parent="Level/platforms/Tutorial/2nd Press/Control"]
layout_mode = 0
offset_left = -32.0
offset_top = -264.0
offset_right = 8.0
offset_bottom = -224.0
scale = Vector2(1.4, 1.4)
texture = ExtResource("5_sk15r")

[node name="Avoid Spikes" type="Node2D" parent="Level/platforms/Tutorial"]
position = Vector2(1784, -56)

[node name="Control" type="Control" parent="Level/platforms/Tutorial/Avoid Spikes"]
layout_mode = 3
anchors_preset = 0
offset_right = 40.0
offset_bottom = 40.0
theme = ExtResource("4_b5nep")

[node name="Label" type="Label" parent="Level/platforms/Tutorial/Avoid Spikes/Control"]
layout_mode = 0
offset_left = -159.0
offset_top = -348.0
offset_right = 160.0
offset_bottom = -257.0
text = "Avoid Spikes"

[node name="Avoid Spikes2" type="Node2D" parent="Level/platforms/Tutorial"]
position = Vector2(2856, -56)

[node name="Control" type="Control" parent="Level/platforms/Tutorial/Avoid Spikes2"]
layout_mode = 3
anchors_preset = 0
offset_right = 40.0
offset_bottom = 40.0
theme = ExtResource("4_b5nep")

[node name="Label" type="Label" parent="Level/platforms/Tutorial/Avoid Spikes2/Control"]
layout_mode = 0
offset_left = -344.0
offset_top = -344.0
offset_right = 342.0
offset_bottom = -253.0
text = "Match platform colors"
horizontal_alignment = 1

[node name="Death Zone" type="Node2D" parent="Level/platforms/Tutorial"]
position = Vector2(2856, -56)

[node name="Control" type="Control" parent="Level/platforms/Tutorial/Death Zone"]
layout_mode = 3
anchors_preset = 0
offset_right = 40.0
offset_bottom = 40.0
theme = ExtResource("4_b5nep")

[node name="Label" type="Label" parent="Level/platforms/Tutorial/Death Zone/Control"]
layout_mode = 0
offset_left = 264.0
offset_top = 1008.0
offset_right = 950.0
offset_bottom = 1099.0
text = "Death Zone
"
horizontal_alignment = 1

[node name="props" type="Node2D" parent="Level/platforms"]

[node name="starting_zone" parent="Level/platforms/props" instance=ExtResource("5_ckqlp")]
position = Vector2(-87, -93)

[node name="AudioPlayer" parent="Level/platforms/props/starting_zone/Behavior" index="1"]
music = ExtResource("4_yukfp")

[node name="spike_group" parent="Level/platforms/props" instance=ExtResource("3_guc23")]
position = Vector2(0, -107)
dimension = 0

[node name="spike_group2" parent="Level/platforms/props" instance=ExtResource("3_guc23")]
position = Vector2(1144, -107)

[node name="Spike" parent="Level/platforms/props" instance=ExtResource("7_gkrkc")]
position = Vector2(2288, -107)

[node name="Platform" parent="Level/platforms/props" instance=ExtResource("8_ump6p")]
position = Vector2(2600, -51)
dimension = 0

[node name="Platform2" parent="Level/platforms/props" instance=ExtResource("8_ump6p")]
position = Vector2(2856, -51)

[node name="Platform3" parent="Level/platforms/props" instance=ExtResource("8_ump6p")]
position = Vector2(3112, -51)
dimension = 0

[node name="Spike2" parent="Level/platforms/props" instance=ExtResource("7_gkrkc")]
position = Vector2(3432, -107)

[node name="Platform4" parent="Level/platforms/props" instance=ExtResource("8_ump6p")]
position = Vector2(3744, -51)
dimension = 0

[node name="Platform5" parent="Level/platforms/props" instance=ExtResource("8_ump6p")]
position = Vector2(4000, -51)

[node name="Platform6" parent="Level/platforms/props" instance=ExtResource("8_ump6p")]
position = Vector2(4256, -51)
dimension = 0

[node name="GameOverZone" parent="Level/platforms/props" instance=ExtResource("9_4is00")]
position = Vector2(4256, 1240)
scale = Vector2(50, 2)

[node name="spike_group3" parent="Level/platforms/props" instance=ExtResource("3_guc23")]
position = Vector2(4645, -107)
dimension = 0

[node name="spike_group4" parent="Level/platforms/props" instance=ExtResource("3_guc23")]
position = Vector2(5789, -107)

[node name="Spike3" parent="Level/platforms/props" instance=ExtResource("7_gkrkc")]
position = Vector2(6933, -107)

[node name="Platform7" parent="Level/platforms/props" instance=ExtResource("8_ump6p")]
position = Vector2(7245, -51)
dimension = 0

[node name="Platform8" parent="Level/platforms/props" instance=ExtResource("8_ump6p")]
position = Vector2(7501, -51)

[node name="Platform9" parent="Level/platforms/props" instance=ExtResource("8_ump6p")]
position = Vector2(7757, -51)
dimension = 0

[node name="Spike4" parent="Level/platforms/props" instance=ExtResource("7_gkrkc")]
position = Vector2(8077, -107)

[node name="Platform10" parent="Level/platforms/props" instance=ExtResource("8_ump6p")]
position = Vector2(8389, -51)
dimension = 0

[node name="Platform11" parent="Level/platforms/props" instance=ExtResource("8_ump6p")]
position = Vector2(8645, -51)

[node name="Platform12" parent="Level/platforms/props" instance=ExtResource("8_ump6p")]
position = Vector2(8901, -51)
dimension = 0

[node name="GameOverZone2" parent="Level/platforms/props" instance=ExtResource("9_4is00")]
position = Vector2(8901, 1240)
scale = Vector2(50, 2)

[node name="EndingZone" parent="Level/platforms/props" instance=ExtResource("12_uewl1")]
position = Vector2(9216, -152)

[node name="Texts" type="Node2D" parent="Level/platforms"]
position = Vector2(5248, 0)

[node name="Avoid Spikes3" type="Node2D" parent="Level/platforms/Texts"]
position = Vector2(0, -56)

[node name="Control" type="Control" parent="Level/platforms/Texts/Avoid Spikes3"]
layout_mode = 3
anchors_preset = 0
offset_right = 40.0
offset_bottom = 40.0
theme = ExtResource("4_b5nep")

[node name="Label" type="Label" parent="Level/platforms/Texts/Avoid Spikes3/Control"]
layout_mode = 0
offset_left = -159.0
offset_top = -348.0
offset_right = 160.0
offset_bottom = -257.0

[editable path="Level/platforms/props/starting_zone"]
